@inproceedings{zeng2012automatic,
  title={Automatic test packet generation},
  author={Zeng, Hongyi and Kazemian, Peyman and Varghese, George and McKeown, Nick},
  booktitle={Proceedings of the 8th international conference on Emerging networking experiments and technologies},
  pages={241--252},
  year={2012},
  organization={ACM}
}

@article{mckeown2008openflow,
  title={OpenFlow: enabling innovation in campus networks},
  author={McKeown, Nick and Anderson, Tom and Balakrishnan, Hari and Parulkar, Guru and Peterson, Larry and Rexford, Jennifer and Shenker, Scott and Turner, Jonathan},
  journal={ACM SIGCOMM Computer Communication Review},
  volume={38},
  number={2},
  pages={69--74},
  year={2008},
  publisher={ACM}
}

@inproceedings{Sherwood:2010:PNT:1924943.1924969,
 author = {Sherwood, Rob and Gibb, Glen and Yap, Kok-Kiong and Appenzeller, Guido and Casado, Martin and McKeown, Nick and Parulkar, Guru},
 title = {Can the production network be the testbed?},
 booktitle = {Proceedings of the 9th USENIX conference on Operating systems design and implementation},
 series = {OSDI'10},
 year = {2010},
 location = {Vancouver, BC, Canada},
 pages = {1--6},
 numpages = {6},
 url = {http://dl.acm.org/citation.cfm?id=1924943.1924969},
 acmid = {1924969},
 publisher = {USENIX Association},
 address = {Berkeley, CA, USA},
} 

@inproceedings{Heller:2013:LSL:2491185.2491197,
 author = {Heller, Brandon and Scott, Colin and McKeown, Nick and Shenker, Scott and Wundsam, Andreas and Zeng, Hongyi and Whitlock, Sam and Jeyakumar, Vimalkumar and Handigol, Nikhil and McCauley, James and Zarifis, Kyriakos and Kazemian, Peyman},
 title = {Leveraging SDN layering to systematically troubleshoot networks},
 booktitle = {Proceedings of the second ACM SIGCOMM workshop on Hot topics in software defined networking},
 series = {HotSDN '13},
 year = {2013},
 isbn = {978-1-4503-2178-5},
 location = {Hong Kong, China},
 pages = {37--42},
 numpages = {6},
 url = {http://doi.acm.org/10.1145/2491185.2491197},
 doi = {10.1145/2491185.2491197},
 acmid = {2491197},
 publisher = {ACM},
 address = {New York, NY, USA},
 keywords = {network architecture, openflow, sdn, software-defined networks, troubleshooting},
} 